@inproceedings{Heintzmann_diffraction_grating,
author = {Rainer Heintzmann and Christoph G. Cremer},
title = {{Laterally modulated excitation microscopy: improvement of resolution by using a diffraction grating}},
volume = {3568},
booktitle = {Optical Biopsies and Microscopic Techniques III},
editor = {Irving J. Bigio and Herbert Schneckenburger and Jan Slavik and Katarina Svanberg M.D. and Pierre M. Viallet},
organization = {International Society for Optics and Photonics},
publisher = {SPIE},
pages = {185 -- 196},
year = {1999},
doi = {10.1117/12.336833},
URL = {https://doi.org/10.1117/12.336833}
}

@article{Gustafsson_orig,
author = {Gustafsson, M. G. L.},
title = {Surpassing the lateral resolution limit by a factor of two using structured illumination microscopy},
journal = {Journal of Microscopy},
volume = {198},
number = {2},
pages = {82-87},
keywords = {Actin, cytoskeleton, fluorescence microscopy, interference, lateral resolution, moiré microscopy,  optical transfer function, patterned excitation, resolution, structured illumination, super-resolution, wide-field microscopy},
doi = {https://doi.org/10.1046/j.1365-2818.2000.00710.x},
url = {https://onlinelibrary.wiley.com/doi/abs/10.1046/j.1365-2818.2000.00710.x},
eprint = {https://onlinelibrary.wiley.com/doi/pdf/10.1046/j.1365-2818.2000.00710.x},
year = {2000}
}

@article{W2S_paper,
      title = {W2S: Microscopy Data with Joint Denoising and  Super-Resolution for Widefield to SIM Mapping},
      author = {Zhou, Ruofan and El Helou, Majed and Sage, Daniel and  Laroche, Thierry and Seitz, Arne and Süsstrunk, Sabine},
      journal = {ECCV 2020 Workshop on BioImage Computing},
      year = {2020},
      url = {http://infoscience.epfl.ch/record/279559},
}

@misc{mlsim_paper,
      title={ML-SIM: A deep neural network for reconstruction of structured illumination microscopy images}, 
      author={Charles N. Christensen and Edward N. Ward and Pietro Lio and Clemens F. Kaminski},
      year={2020},
      eprint={2003.11064},
      archivePrefix={arXiv},
      primaryClass={eess.IV}
}

@article {sr-redsim_paper,
	author = {Shah, Zafran Hussain and M{\"u}ller, Marcel and Wang, Tung-Cheng and Scheidig, Philip Maurice and Schneider, Axel and Sch{\"u}ttpelz, Mark and Huser, Thomas and Schenck, Wolfram},
	title = {Deep-learning based denoising and reconstruction of super-resolution structured illumination microscopy images},
	elocation-id = {2020.10.27.352633},
	year = {2020},
	doi = {10.1101/2020.10.27.352633},
	publisher = {Cold Spring Harbor Laboratory},
	URL = {https://www.biorxiv.org/content/early/2020/10/27/2020.10.27.352633},
	eprint = {https://www.biorxiv.org/content/early/2020/10/27/2020.10.27.352633.full.pdf},
	journal = {bioRxiv}
}

@Article{fairsim_article,
author={M{\"u}ller, Marcel
and M{\"o}nkem{\"o}ller, Viola
and Hennig, Simon
and H{\"u}bner, Wolfgang
and Huser, Thomas},
title={Open-source image reconstruction of super-resolution structured illumination microscopy data in ImageJ},
journal={Nature Communications},
year={2016},
month={Mar},
day={21},
volume={7},
number={1},
pages={10980},
issn={2041-1723},
doi={10.1038/ncomms10980},
url={https://doi.org/10.1038/ncomms10980}
}

@misc{ZEISS_wavelengths,
author = {},
title = {ZEISS Microscopy Online Campus | Microscopy Basics | Fluorescence Microscopy},
howpublished = {\url{http://zeiss-campus.magnet.fsu.edu/articles/basics/fluorescence.html}},
month = {},
year = {},
note = {(Accessed on 07.01.2021)}
}

@article{moire_fringes_paper,
author = { R.   Gevers },
title = {Dynamical theory of moire fringe patterns},
journal = {The Philosophical Magazine: A Journal of Theoretical Experimental and Applied Physics},
volume = {7},
number = {82},
pages = {1681-1720},
year  = {1962},
publisher = {Taylor & Francis},
doi = {10.1080/14786436208213703},

URL = { 
        https://doi.org/10.1080/14786436208213703
    
},
eprint = { 
        https://doi.org/10.1080/14786436208213703
    
}

}

@misc{zeiss_sim,
author = {},
title = {ZEISS Microscopy Online Campus | Superresolution Structured Illumination Microscopy},
howpublished = {\url{http://zeiss-campus.magnet.fsu.edu/articles/superresolution/supersim.html}},
month = {},
year = {},
note = {(Accessed on 07.01.2021)}
}

@article{OMARA2018130,
title = "Staying alive! Sensors used for monitoring cell health in bioreactors",
journal = "Talanta",
volume = "176",
pages = "130 - 139",
year = "2018",
issn = "0039-9140",
doi = "https://doi.org/10.1016/j.talanta.2017.07.088",
url = "http://www.sciencedirect.com/science/article/pii/S0039914017308093",
author = "P. O’Mara and A. Farrell and J. Bones and K. Twomey",
keywords = "Bioreactor, Electrochemical sensors, Optical sensors, Capsule technology, pH, Dissolved oxygen, Temperature, Microfabrication, Process analytical technology",
}

@article{Fluorescence_microscopy,
title = "Fluorescence Microscopy",
journal = "Cold Spring Harbor Protocols",
year = "2014",
issn = "0039-9140",
doi = "10.1101/pdb.top071795",
url = "http://cshprotocols.cshlp.org/content/2014/10/pdb.top071795.full.pdf+html",
author = "Sanderson, Michael J. and Smith, Ian and Parker, Ian and Bootman, Martin D.",
}

@misc{muller_project,
title = "Two dimensional SIM reconstruction from 4 images",
year = "2018",
author = "Muller, Christophe and Soubies, Emmanuel and Sage, Daniel",
howpublished = "Semester project at the Biomedical Imaging Group"
}

@misc{ronneberger2015unet,
      title={U-Net: Convolutional Networks for Biomedical Image Segmentation}, 
      author={Olaf Ronneberger and Philipp Fischer and Thomas Brox},
      year={2015},
      eprint={1505.04597},
      archivePrefix={arXiv},
      primaryClass={cs.CV}
}

@misc{zhang2018rcan,
      title={Image Super-Resolution Using Very Deep Residual Channel Attention Networks}, 
      author={Yulun Zhang and Kunpeng Li and Kai Li and Lichen Wang and Bineng Zhong and Yun Fu},
      year={2018},
      eprint={1807.02758},
      archivePrefix={arXiv},
      primaryClass={cs.CV}
}

@ARTICLE{ssim_article,  
    author={D. {Brunet} and E. R. {Vrscay} and Z. {Wang}},
    journal={IEEE Transactions on Image Processing},  
    title={On the Mathematical Properties of the Structural Similarity Index},
    year={2012},
    volume={21},
    number={4},
    pages={1488-1499},
    doi={10.1109/TIP.2011.2173206}
}

@ARTICLE{loss_func_comp_paper,
    author={H. {Zhao} and O. {Gallo} and I. {Frosio} and J. {Kautz}},
    journal={IEEE Transactions on Computational Imaging}, 
    title={Loss Functions for Image Restoration With Neural Networks}, 
    year={2017},
    volume={3},
    number={1},
    pages={47-57},
    doi={10.1109/TCI.2016.2644865}
}

@InProceedings{Agustsson_2017_CVPR_Workshops,
	author = {Agustsson, Eirikur and Timofte, Radu},
	title = {NTIRE 2017 Challenge on Single Image Super-Resolution: Dataset and Study},
	booktitle = {The IEEE Conference on Computer Vision and Pattern Recognition (CVPR) Workshops},
	month = {July},
	year = {2017}
}

@InProceedings{Timofte_2017_CVPR_Workshops,
    author = {Timofte, Radu and Agustsson, Eirikur and Van Gool, Luc and Yang, Ming-Hsuan and Zhang, Lei and Lim, Bee and others},
    title = {NTIRE 2017 Challenge on Single Image Super-Resolution: Methods and Results},
    booktitle = {The IEEE Conference on Computer Vision and Pattern Recognition (CVPR) Workshops},
    month = {July},
    year = {2017}
}

@InProceedings{Ignatov_2018_ECCV_Workshops,
    author = {Ignatov, Andrey and Timofte, Radu and others},
    title = {PIRM challenge on perceptual image enhancement on smartphones: report},
    booktitle = {European Conference on Computer Vision (ECCV) Workshops},
    month = {January},
    year = {2019}
}

@misc{PSNR_paper,
author = {NATIONAL INSTRUMENTS, CORP},
title = {Peak Signal-to-Noise Ratio as an Image Quality Metric},
howpublished = {\url{https://www.ni.com/en-us/innovations/white-papers/11/peak-signal-to-noise-ratio-as-an-image-quality-metric.html#:~:text=The%20term%20peak%20signal%2Dto,the%20quality%20of%20its%20representation.}},
month = {12},
year = {2020},
note = {(Accessed on 10.01.2021)}
}

@article{FRC_paper,
title = "Fourier ring correlation as a resolution criterion for super-resolution microscopy",
journal = "Journal of Structural Biology",
volume = "183",
number = "3",
pages = "363 - 367",
year = "2013",
issn = "1047-8477",
doi = "https://doi.org/10.1016/j.jsb.2013.05.004",
url = "http://www.sciencedirect.com/science/article/pii/S1047847713001184",
author = "Niccolò Banterle and Khanh Huy Bui and Edward A. Lemke and Martin Beck",
keywords = "Resolution, Fourier ring correlation, Super-resolution microscopy",
}

@misc{test_image_1_ref,
author = {Dr. Wittman, Torsten},
title = {Filamentous actin and microtubules (structural proteins) in mouse fibroblasts (cells)},
howpublished = {\url{https://www.nikonsmallworld.com/galleries/2003-photomicrography-competition/filamentous-actin-and-microtubules-structural-proteins-in-mouse-fibroblasts}},
Jurnal = {The Scripps Research Institute San Diego, California, USA},
year = {2003},
note = {(Accessed on 11.01.2021)}
}

@misc{test_image_2_ref,
author = {Cazares, Victor and Chao, Luke and Galbraith, James A and Galbraith, Catherine G},
title = {Structured illumination image (SIM) of microtubules in a Drosophila S2 cell},
doi = {10.7295/W9CIL36147},
year = {2011},
note = {(Accessed on 11.01.2021)}
}

@misc{PyTorch_website,
author = {},
title = {PyTorch},
howpublished = {\url{https://pytorch.org/}},
month = {},
year = {},
note = {(Accessed on 12.01.2021)}
}

@INPROCEEDINGS{sim_artefacts_paper,
       author = {{Posp{\'\i}{\v{s}}il}, Jakub and {Fliegel}, Karel and {Kl{\'\i}ma}, Milo{\v{s}}},
        title = "{Analysis of image reconstruction artifacts in structured illumination microscopy}",
    booktitle = {Society of Photo-Optical Instrumentation Engineers (SPIE) Conference Series},
         year = 2017,
       series = {Society of Photo-Optical Instrumentation Engineers (SPIE) Conference Series},
       volume = {10396},
        month = sep,
          eid = {1039632},
        pages = {1039632},
          doi = {10.1117/12.2274418},
       adsurl = {https://ui.adsabs.harvard.edu/abs/2017SPIE10396E..32P},
      adsnote = {Provided by the SAO/NASA Astrophysics Data System}
}

@article{airy1835diffraction,
  title={On the diffraction of an object-glass with circular aperture},
  author={Airy, George Biddell},
  journal={TCaPS},
  volume={5},
  pages={283},
  year={1835}
}